<record><leader>00000cas a22000007a 4500</leader><controlfield tag="001">10433405</controlfield><controlfield tag="008">840218d18721881ncuwr ne      0    0eng d</controlfield><datafield ind1=" " ind2=" " tag="010"><subfield code="a">sn 84026425 </subfield><subfield code="z">sn 84020729 </subfield></datafield><datafield ind1=" " ind2=" " tag="040"><subfield code="a">NPU</subfield><subfield code="b">eng</subfield><subfield code="c">NPU</subfield><subfield code="d">DLC</subfield><subfield code="d">NPX</subfield><subfield code="d">OCL</subfield><subfield code="d">NVJ</subfield><subfield code="d">OCLCQ</subfield></datafield><datafield ind1=" " ind2=" " tag="019"><subfield code="a">11473956</subfield></datafield><datafield ind1=" " ind2=" " tag="042"><subfield code="a">msc</subfield></datafield><datafield ind1="0" ind2=" " tag="130"><subfield code="a">Danbury reporter (Danbury, N.C. : 1872)</subfield></datafield><datafield ind1="1" ind2="4" tag="245"><subfield code="a">The Danbury reporter.</subfield></datafield><datafield ind1=" " ind2=" " tag="260"><subfield code="a">Danbury, N.C. :</subfield><subfield code="b">Pepper &amp; Sons</subfield></datafield><datafield ind1=" " ind2=" " tag="300"><subfield code="a">v. ;</subfield><subfield code="c">53 cm.</subfield></datafield><datafield ind1=" " ind2=" " tag="310"><subfield code="a">Weekly</subfield></datafield><datafield ind1="1" ind2=" " tag="362"><subfield code="a">Began in 1872.</subfield><subfield code="z">Cf. Ayer, 1880.</subfield></datafield><datafield ind1="1" ind2=" " tag="362"><subfield code="a">Ceased in Dec. 1881.</subfield></datafield><datafield ind1=" " ind2=" " tag="515"><subfield code="a">Suspended Mar. 30-June 8, 1876.</subfield></datafield><datafield ind1=" " ind2=" " tag="515"><subfield code="a">Began again with Vol. 1, no. 1 when publication resumed on June 8, 1876.</subfield></datafield><datafield ind1=" " ind2=" " tag="588"><subfield code="a">Description based on: Vol. 1, no. 9 (Mar. 21, 1872).</subfield></datafield><datafield ind1=" " ind2=" " tag="752"><subfield code="a">United States</subfield><subfield code="b">North Carolina</subfield><subfield code="c">Stokes</subfield><subfield code="d">Danbury.</subfield></datafield><datafield ind1="0" ind2="0" tag="785"><subfield code="t">Reporter and post</subfield><subfield code="w">(DLC)sn 93065749</subfield></datafield></record>